% !TEX root = 00_arbeit.tex

%---------------------------------------------------------------------------------
%% Literatur
@BOOK {dkriesel07,
    author    = "David Kriesel",
    title     = "Ein kleiner Überblick über Neuronale Netze",
    year      = "2011",
    edition   = "zeta2",
    timestamp = "18.09.2017",
    url       = "WWW: http://www.dkriesel.com/_media/science/neuronalenetze-de-zeta2-2col-dkrieselcom.pdf",
}

@BOOK {Fiesler96,
    author    = "Fiesler, Emile and Beale, Russell",
    title     = "Handbook of Neural Computation",
    publisher = "Taylor {\&} Francis",
    year      = "1996",
    doi       = "10.1201/9781420050646",
    isbn      = "9780750303125",
}

@BOOK {sen_an,
	AUTHOR    = "Yeung, Daniel S. AND Cloete, Ian AND Shi, Daming AND Ng, Wing W. Y.",
    YEAR      = "2009",
	TITLE     = "Sensitivity Analysis for Neural Networks",
	ISBN      = "9783642025327",
    doi       = "10.1007/978-3-642-02532-7",
	publisher = "Springer",
	ADDRESS   = "Berlin",
}

@Book{characterisation_4,
    title     = {Artificial Neural Network Modelling},
    year      = {2016},
    editor    = {Subana Shanmuganathan and Sandhya Samarasinghe},
    publisher = {Springer},
    isbn      = {9783319284958},
    doi       = {10.1007/978-3-319-28495-8},
    address   = {Berlin},
}

@BOOK{neuralnet_intro,
	AUTHOR    = {Priddy, Kevin L. AND Keller, Paul E.},
	YEAR      = {2005},
	TITLE     = {Artificial Neural Networks: An Introduction},
	ISBN      = {9780819459879},
	PUBLISHER = {SPIE},
	ADDRESS   = {Bellingham, Washington},
}

%---------------------------------------------------------------------------------
%% Computational Intelligence

@BOOK {Kramer09,
    author    = "Kramer, Oliver",
    title     = "Computational Intelligence",
    publisher = "Springer",
    year      = "2009",
    series    = "Informatik im Fokus",
    doi       = "10.1007/978-3-540-79739-5",
    isbn      = "9783540797388",
    ADDRESS   = {New York},
}

@BOOK {Kroll16,
    author    = "Kroll, Andreas",
    title     = "Computational Intelligence, Probleme, Methoden und technische Anwendungen",
    publisher = "De Gruyter",
    year      = "2016",
    edition   = "2nd",
    doi       = "10.1515/9783110401776",
    isbn      = "9783110401776",
}

@BOOK{comp_int_13,
	AUTHOR    = {Siddique, Nazmul AND Adeli, Hojjat},
	YEAR      = {2013},
	TITLE     = {Computational Intelligence - Synergies of Fuzzy Logic, Neural Networks and Evolutionary Computing},
	ISBN      = {9781118534816},
	PUBLISHER = {John Wiley {\&} Sons},
	ADDRESS   = {New York},
}

@BOOK{comp_int_07,
	AUTHOR    = {Engelbrecht, Andries P.},
	YEAR      = {2007},
	TITLE     = {Computational Intelligence - An Introduction},
	ISBN      = {9780470512500},
	PUBLISHER = {John Wiley {\&} Sons},
	ADDRESS   = {New York},
}

@Book{Kruse15,
    title     = {Computational Intelligence},
    publisher = {Springer},
    year      = {2015},
    author    = {Rudolf Kruse and Christian Borgelt and Christian Braune and Frank Klawonn and Christian Moewes and Matthias Steinbrecher},
    address   = {Wiesbaden},
    isbn      = {9783658109042},
    doi       = {10.1007/978-3-658-10904-2},
}

%---------------------------------------------------------------------------------
%% Paper
@Article{perceptron_ros58,
    author    = {F. Rosenblatt},
    title     = {The perceptron: A probabilistic model for information storage and organization in the brain.},
    journal   = {Psychological Review},
    year      = {1958},
    volume    = {65},
    number    = {6},
    pages     = {386--408},
    doi       = {10.1037/h0042519},
    publisher = {American Psychological Association ({APA})},
}
%@article {perceptron,
%    title     = {A logical calculus of the ideas immanent in nervous activity},
%    author    = {McCulloch, Warren S and Pitts, Walter},
%    journal   = {The bulletin of mathematical biophysics},
%    volume    = {5},
%    number    = {4},
%    pages     = {115--133},
%    year      = {1943},
%    publisher = {Springer}
%}

% Aus Shanmuganathan and Samarasinghe (2016)
@inproceedings{fuzzy-neuron,
    title     ={Pattern recognition hardware system employing a fuzzy neuron},
    author    ={Yamakawa, Takeshi},
    booktitle ={Proceedings of the International Conference on Fuzzy Logic and Neural Networks},
    pages     ={943--948},
    month     = jul,
    year      ={1990},
    ADDRESS   = {Iizuka, Japan},
}