% !TEX root = 00_arbeit.tex

%---------------------------------------------------------------------------------
%% Literatur
@BOOK {dkriesel07,
    author    = "David Kriesel",
    title     = "Ein kleiner Überblick über Neuronale Netze",
    year      = "2011",
    edition   = "zeta2",
    timestamp = "18.09.2017",
    url       = "WWW: http://www.dkriesel.com/_media/science/neuronalenetze-de-zeta2-2col-dkrieselcom.pdf",
}

@BOOK {Fiesler96,
    author    = "Fiesler, Emile and Beale, Russell",
    title     = "Handbook of Neural Computation",
    %publisher = "Taylor {\&} Francis",
    year      = "1996",
    %doi       = "10.1201/9781420050646",
    %isbn      = "9780750303125",
}

@BOOK {sen_an,
	AUTHOR    = "Yeung, Daniel S. AND Cloete, Ian AND Shi, Daming AND Ng, Wing W. Y.",
    YEAR      = "2009",
	TITLE     = "Sensitivity Analysis for Neural Networks",
	%ISBN      = "9783642025327",
    %doi       = "10.1007/978-3-642-02532-7",
	%publisher = "Springer",
	ADDRESS   = "Berlin",
}

@Book{characterisation_4,
    title     = {Artificial Neural Network Modelling},
    year      = {2016},
    editor    = {Subana Shanmuganathan and Sandhya Samarasinghe},
    %publisher = {Springer},
    %isbn      = {9783319284958},
    %doi       = {10.1007/978-3-319-28495-8},
    address   = {Berlin},
}

@BOOK{neuralnet_intro,
	AUTHOR    = {Priddy, Kevin L. AND Keller, Paul E.},
	YEAR      = {2005},
	TITLE     = {Artificial Neural Networks: An Introduction},
	%ISBN      = {9780819459879},
	%PUBLISHER = {SPIE},
	ADDRESS   = {Bellingham, Washington},
}

@Book{bio_neuron,
    title     = {Die Vernetzung sozialer Einheiten},
    %publisher = {Deutscher Universitätsverlag},
    year      = {2000},
    author    = {Christina Stoica},
    %doi       = {10.1007/978-3-322-83450-8},
}

%---------------------------------------------------------------------------------
%% Computational Intelligence

@BOOK {Kramer09,
    author    = "Kramer, Oliver",
    title     = "Computational Intelligence",
    %publisher = "Springer",
    year      = "2009",
    series    = "Informatik im Fokus",
    %doi       = "10.1007/978-3-540-79739-5",
    %isbn      = "9783540797388",
    ADDRESS   = {New York},
}

@BOOK {Kroll16,
    author    = "Kroll, Andreas",
    title     = "Computational Intelligence, Probleme, Methoden und technische Anwendungen",
    %publisher = "De Gruyter",
    year      = "2016",
    edition   = "2nd",
    %doi       = "10.1515/9783110401776",
    %isbn      = "9783110401776",
}

@BOOK{comp_int_13,
	AUTHOR    = {Siddique, Nazmul AND Adeli, Hojjat},
	YEAR      = {2013},
	TITLE     = {Computational Intelligence - Synergies of Fuzzy Logic, Neural Networks and Evolutionary Computing},
	%ISBN      = {9781118534816},
	%PUBLISHER = {John Wiley {\&} Sons},
	ADDRESS   = {New York},
}

@BOOK{comp_int_07,
	AUTHOR    = {Engelbrecht, Andries P.},
	YEAR      = {2007},
	TITLE     = {Computational Intelligence - An Introduction},
	%ISBN      = {9780470512500},
	%PUBLISHER = {John Wiley {\&} Sons},
	ADDRESS   = {New York},
}

@Book{Kruse15,
    title     = {Computational Intelligence},
    %publisher = {Springer},
    year      = {2015},
    author    = {Rudolf Kruse and Christian Borgelt and Christian Braune and Frank Klawonn and Christian Moewes and Matthias Steinbrecher},
    address   = {Wiesbaden},
    %isbn      = {9783658109042},
    %doi       = {10.1007/978-3-658-10904-2},
}

%---------------------------------------------------------------------------------
%% Paper
@Article{perceptron_ros58,
    author    = {F. Rosenblatt},
    title     = {The perceptron: A probabilistic model for information storage and organization in the brain.},
    journal   = {Psychological Review},
    year      = {1958},
    volume    = {65},
    number    = {6},
    pages     = {386--408},
    %doi       = {10.1037/h0042519},
    %publisher = {American Psychological Association ({APA})},
}
@article {kneuron,
    title     = {A logical calculus of the ideas immanent in nervous activity},
    author    = {McCulloch, Warren S and Pitts, Walter},
    journal   = {The bulletin of Mathematical Biophysics},
    volume    = {5},
    number    = {4},
    pages     = {115--133},
    year      = {1943},
    %publisher = {Springer}
}

% Aus Shanmuganathan and Samarasinghe (2016)
@inproceedings{fuzzy-neuron,
    title     ={Pattern recognition hardware system employing a fuzzy neuron},
    author    ={Yamakawa, Takeshi},
    booktitle ={Proceedings of the International Conference on Fuzzy Logic and Neural Networks},
    pages     ={943--948},
    month     = jul,
    year      ={1990},
    ADDRESS   = {Iizuka, Japan},
}

%---------------------------------------------------------------------------------
%% Literatur Recherche

@Article{Keles2016,
    title     ={Extended forecast methods for day-ahead electricity spot prices applying artificial neural networks},
    author    ={Dogan Keles and Jonathan Scelle and Florentina Paraschiv and Wolf Fichtner},
    journal   ={Applied Energy},
    year      = {2016},
    volume    = {162},
    pages     = {218--230},
    month     = jan,
    %doi       = {10.1016/j.apenergy.2015.09.087},
    %publisher = {Elsevier {BV}},
}
@Article{Saadaoui2016,
    author    = {Foued Sa{\^{a}}daoui},
    title     = {A seasonal feedforward neural network to forecast electricity prices},
    journal   = {Neural Computing and Applications},
    year      = {2016},
    volume    = {28},
    number    = {4},
    pages     = {835--847},
    month     = may,
    ADDRESS   = {London},
    %doi       = {10.1007/s00521-016-2356-y},
    %publisher = {Springer Nature},
}
@Article{Jiang2016,
    author    = {Ping Jiang and Feng Liu and Yiliao Song},
    title     = {A Hybrid Multi-Step Model for Forecasting Day-Ahead Electricity Price Based on Optimization, Fuzzy Logic and Model Selection},
    journal   = {Energies},
    year      = {2016},
    volume    = {9},
    number    = {8},
    pages     = {618},
    month     = aug,
    %doi       = {10.3390/en9080618},
    %publisher = {{MDPI} {AG}},
}
@Article{Monteiro2016,
    author    = {Claudio Monteiro and Ignacio Ramirez-Rosado and L. Fernandez-Jimenez and Pedro Conde},
    title     = {Short-Term Price Forecasting Models Based on Artificial Neural Networks for Intraday Sessions in the Iberian Electricity Market},
    journal   = {Energies},
    year      = {2016},
    volume    = {9},
    number    = {9},
    pages     = {721},
    month     = sep,
    %doi       = {10.3390/en9090721},
    %publisher = {{MDPI} {AG}},
}
@Article{Osorio2016,
    author    = {Gerardo Os{\'{o}}rio and Jorge Gon{\c{c}}alves and Juan Lujano-Rojas and Jo{\~{a}}o Catal{\~{a}}o},
    title     = {Enhanced Forecasting Approach for Electricity Market Prices and Wind Power Data Series in the Short-Term},
    journal   = {Energies},
    year      = {2016},
    volume    = {9},
    number    = {9},
    pages     = {693},
    month     = aug,
    %doi       = {10.3390/en9090693},
    %publisher = {{MDPI} {AG}},
}
@Article{Yang2017,
    author    = {Zhang Yang and Li Ce and Li Lian},
    title     = {Electricity price forecasting by a hybrid model, combining wavelet transform, {ARMA} and kernel-based extreme learning machine methods},
    journal   = {Applied Energy},
    year      = {2017},
    volume    = {190},
    pages     = {291--305},
    month     = mar,
    %doi       = {10.1016/j.apenergy.2016.12.130},
    %publisher = {Elsevier {BV}},
}
@Article{Wang2017,
    author    = {Deyun Wang and Hongyuan Luo and Olivier Grunder and Yanbing Lin and Haixiang Guo},
    title     = {Multi-step ahead electricity price forecasting using a hybrid model based on two-layer decomposition technique and {BP} neural network optimized by firefly algorithm},
    journal   = {Applied Energy},
    year      = {2017},
    volume    = {190},
    pages     = {390--407},
    month     = mar,
    %doi       = {10.1016/j.apenergy.2016.12.134},
    %publisher = {Elsevier {BV}},
}
@Article{Domanski2017,
    author    = {Pawel D. Domanski and Mateusz Gintrowski},
    title     = {Alternative approaches to the prediction of electricity prices},
    journal   = {International Journal of Energy Sector Management},
    year      = {2017},
    volume    = {11},
    number    = {1},
    pages     = {3--27},
    month     = apr,
    %doi       = {10.1108/ijesm-06-2013-0001},
    %publisher = {Emerald},
}
@Article{Gao2017,
    author    = {Gao Gao and Kwoklun Lo and Fulin Fan},
    title     = {Comparison of {ARIMA} and {ANN} Models Used in Electricity Price Forecasting for Power Market},
    journal   = {Energy and Power Engineering},
    year      = {2017},
    volume    = {09},
    number    = {04},
    pages     = {120--126},
    %doi       = {10.4236/epe.2017.94b015},
    %publisher = {Scientific Research Publishing, Inc,},
}
@InCollection{Mandal2017,
    author    = {Paras Mandal and Anurag K. Srivastava and Tomonobu Senjyu and Michael Negnevitsky},
    title     = {Electricity Price Forecasting Using Neural Networks and Similar Days},
    booktitle = {Advances in Electric Power and Energy Systems},
    %publisher = {John Wiley {\&} Sons, Inc.},
    year      = {2017},
    pages     = {215--249},
    month     = jun,
    %doi       = {10.1002/9781119260295.ch6},
}
@Article{Panapakidis2016,
    author    = {Ioannis P. Panapakidis and Athanasios S. Dagoumas},
    title     = {Day-ahead electricity price forecasting via the application of artificial neural network based models},
    journal   = {Applied Energy},
    year      = {2016},
    volume    = {172},
    pages     = {132--151},
    month     = jun,
    %doi       = {10.1016/j.apenergy.2016.03.089},
    %publisher = {Elsevier {BV}},
}
@Article{Lago2018,
    author    = {Jesus Lago and Fjo De Ridder and Peter Vrancx and Bart De Schutter},
    title     = {Forecasting day-ahead electricity prices in Europe: The importance of considering market integration},
    journal   = {Applied Energy},
    year      = {2018},
    volume    = {211},
    pages     = {890--903},
    month     = feb,
    %doi       = {10.1016/j.apenergy.2017.11.098},
    %publisher = {Elsevier {BV}},
}
@Article{Weron2014,
    author    = {Rafa{\l} Weron},
    title     = {Electricity price forecasting: A review of the state-of-the-art with a look into the future},
    journal   = {International Journal of Forecasting},
    year      = {2014},
    volume    = {30},
    number    = {4},
    pages     = {1030--1081},
    month     = oct,
    %doi       = {10.1016/j.ijforecast.2014.08.008},
    %publisher = {Elsevier {BV}},
}
@Article{Bobinaite2016,
    author    = {Viktorija Bobinaite and J{\={a}}nis Zuters},
    title     = {Modelling Electricity Price Expectations in a Day-Ahead Market: A Case of Latvia},
    journal   = {Economics and Business},
    year      = {2016},
    volume    = {29},
    number    = {1},
    month     = jan,
    %doi       = {10.1515/eb-2016-0017},
    %publisher = {Walter de Gruyter {GmbH}},
}
@InProceedings{Marcos2017,
    author    = {Rodrigo A. de Marcos and Antonio Bello and Javier Reneses},
    title     = {Short-term forecasting of electricity prices with a computationally efficient hybrid approach},
    booktitle = {2017 14th International Conference on the European Energy Market ({EEM})},
    year      = {2017},
    month     = jun,
    %publisher = {{IEEE}},
    %doi       = {10.1109/eem.2017.7981946},
}
@Article{Feijoo2016,
    author    = {Felipe Feijoo and Walter Silva and Tapas K. Das},
    title     = {A computationally efficient electricity price forecasting model for real time energy markets},
    journal   = {Energy Conversion and Management},
    year      = {2016},
    volume    = {113},
    pages     = {27--35},
    month     = apr,
    %doi       = {10.1016/j.enconman.2016.01.043},
    %publisher = {Elsevier {BV}},
}
@Article{Sandhu2016,
    author    = {Harmanjot Singh Sandhu and Liping Fang and Ling Guan},
    title     = {Forecasting day-ahead price spikes for the Ontario electricity market},
    journal   = {Electric Power Systems Research},
    year      = {2016},
    volume    = {141},
    pages     = {450--459},
    month     = dec,
    %doi       = {10.1016/j.epsr.2016.08.005},
    %publisher = {Elsevier {BV}},
}
@Article{Singh2017,
    author    = {Nitin Singh and Soumya Ranjan Mohanty and Rishabh Dev Shukla},
    title     = {Short term electricity price forecast based on environmentally adapted generalized neuron},
    journal   = {Energy},
    year      = {2017},
    volume    = {125},
    pages     = {127--139},
    month     = apr,
    %doi       = {10.1016/j.energy.2017.02.094},
    %publisher = {Elsevier {BV}},
}
@Article{Aggarwal2009,
    author    = {Sanjeev Kumar Aggarwal and Lalit Mohan Saini and Ashwani Kumar},
    title     = {Electricity price forecasting in deregulated markets: A review and evaluation},
    journal   = {International Journal of Electrical Power {\&} Energy Systems},
    year      = {2009},
    volume    = {31},
    number    = {1},
    pages     = {13--22},
    month     = jan,
    %doi       = {10.1016/j.ijepes.2008.09.003},
    %publisher = {Elsevier {BV}},
}
@InProceedings{Cerjan2013,
    author    = {Marin Cerjan and Ivana Krzelj and Marko Vidak and Marko Delimar},
    title     = {A literature review with statistical analysis of electricity price forecasting methods},
    booktitle = {Eurocon 2013},
    year      = {2013},
    month     = jul,
    %publisher = {{IEEE}},
    %doi       = {10.1109/eurocon.2013.6625068},
}